@article{HistoryofLISP,
  author  = {McCarthy, John},
  journal = {Association for Computing Machinery},
  title   = {History of LISP},
  year    = {1978}
}
@book{ModelsofMyLife,
  author    = {Simon, Herbert Alexander},
  publisher = {The MIT Press},
  title     = {Models of My Life},
  year      = {1996}
}
@book{SICP,
  author    = {Abelson, Harold; Sussman, Gerald J.},
  publisher = {The MIT Press},
  title     = {Structure and Interpretation of Computer Programs},
  year      = {1996}
}