@article{HistoryofLISP,
  author  = {McCarthy, John},
  journal = {Association for Computing Machinery},
  number  = {},
  title   = {History of LISP},
  volume  = {},
  year    = {1978}
}
@book{ModelsofMyLife,
  author    = {Simon, Herbert Alexander},
  editor    = {},
  publisher = {The MIT Press},
  title     = {Models of My Life},
  year      = {1996}
}
@book{SICP,
  author         = {Abelson, Harold; Sussman, Gerald J.},
  editor         = {},
  publisher      = {The MIT Press},
  title          = {Structure and Interpretation of Computer Programs},
  year           = {1996}
}
